@article{roosa2019assessing,
  title={Assessing parameter identifiability in compartmental dynamic models using a computational approach: application to infectious disease transmission models},
  author={Roosa, Kimberlyn and Chowell, Gerardo},
  journal={Theoretical Biology and Medical Modelling},
  volume={16},
  number={1},
  pages={1},
  year={2019},
  publisher={Springer}
}

@article{kiss2017mathematics,
  title={Mathematics of epidemics on networks},
  author={Kiss, Istv{\'a}n Z and Miller, Joel C and Simon, P{\'e}ter L and others},
  journal={Cham: Springer},
  volume={598},
  year={2017},
  publisher={Springer}
}
